@article{becker2008a,
  author = {Steffen Becker and Heiko Koziolek and Ralf Reussner},
  title = {{The Palladio Component Model for Model-driven Performance Prediction}},
  journal = {Journal of Systems and Software},
  year = {2009},
  volume = {82},
  pages = {3--22},
  doi = {10.1016/j.jss.2008.03.066},
  publisher = {Elsevier Science Inc.},
  url = {http://dx.doi.org/10.1016/j.jss.2008.03.066}
}

@article{busoni2008a,
  author={Busoniu, Lucian and Babuska, Robert and De Schutter, Bart},
  title={A Comprehensive Survey of Multiagent Reinforcement Learning}, 
  journal={IEEE Transactions on Systems, Man, and Cybernetics, Part C (Applications and Reviews)}, 
  year={2008},
  volume={38},
  number={2},
  pages={156-172},
  doi={10.1109/TSMCC.2007.913919},
  url={https://ieeexplore.ieee.org/abstract/document/4445757}
}

@article{DECAMPOS2002291,
author = {Luis M. {de Campos} and Juan M. Fernández-Luna and José A. Gámez and José M. Puerta},
title = {Ant colony optimization for learning Bayesian networks},
journal = {International Journal of Approximate Reasoning},
year = {2002},
volume = {31},
number = {3},
pages = {291-311},
doi = {https://doi.org/10.1016/S0888-613X(02)00091-9},
url = {https://www.sciencedirect.com/science/article/pii/S0888613X02000919},
keywords = {Bayesian networks, Learning, Ant colony optimization}
}

@article{DistributedAI2020,
author = { Matthew E. Taylor and Yang Yu and Edith Elkind and Yang Gao},
title = {Distributed Artificial Intelligence},
journal = {Lecture Notes in Computer Science},
year = {2020},
number = {1},
pages = {141},
doi = {https://doi.org/10.1007/978-3-030-64096-5},
url = {https://link.springer.com/book/10.1007/978-3-030-64096-5}
}

@article{DistributedCoop2021,
author = { Dong Yue and Huaipin Zhang and Shengxuan Weng},
title = {Distributed Cooperative Control and Communication for Multi-agent Systems},
year = {2021},
pages = {196},
doi = {https://doi.org/10.1007/978-981-33-6718-0},
url = {https://link.springer.com/book/10.1007%2F978-981-33-6718-0}
}

@article{MachineLearningAndGames2006,
author = { Bowling, Michael and Fürnkranz, Johannes and Graepel, Thore and Musick, Ron},
title = {Machine Learning and Games},
year = {2006},
pages = {5},
doi = {https://doi.org/10.1007/s10994-006-8919-x},
url = {https://link.springer.com/article/10.1007/s10994-006-8919-x}
}